@article{mattar2018prioritized,
  title={Prioritized memory access explains planning and hippocampal replay},
  author={Mattar, Marcelo G and Daw, Nathaniel D},
  journal={Nature Neuroscience},
  volume={21},
  number={11},
  pages={1609},
  year={2018},
  publisher={Nature Publishing Group}
}


@incollection{osband2013more,
  title = {(More) Efficient Reinforcement Learning via Posterior Sampling},
  author = {Osband, Ian and Russo, Daniel and Van Roy, Benjamin},
  booktitle = {Advances in Neural Information Processing Systems 26},
  editor = {C. J. C. Burges and L. Bottou and M. Welling and Z. Ghahramani and K. Q. Weinberger},
  pages = {3003--3011},
  year = {2013},
  publisher = {Curran Associates, Inc.},
  url = {http://papers.nips.cc/paper/5185-more-efficient-reinforcement-learning-via-posterior-sampling.pdf}
}


@inproceedings{osband2018randomized,
  title={Randomized prior functions for deep reinforcement learning},
  author={Osband, Ian and Aslanides, John and Cassirer, Albin},
  booktitle={Advances in Neural Information Processing Systems},
  pages={8617--8629},
  year={2018}
}


@article{russo2017thompsonTutorial,
  author    = {Daniel Russo and
      Benjamin Van Roy and
      Abbas Kazerouni and
      Ian Osband},
  title     = {A Tutorial on Thompson Sampling},
  journal   = {CoRR},
  volume    = {abs/1707.02038},
  year      = {2017},
  url       = {http://arxiv.org/abs/1707.02038},
  archivePrefix = {arXiv},
  eprint    = {1707.02038},
  timestamp = {Mon, 13 Aug 2018 16:46:49 +0200},
  biburl    = {https://dblp.org/rec/bib/journals/corr/0001RKO17},
  bibsource = {dblp computer science bibliography, https://dblp.org}
}


@online{gal2015what,
  author = {Yarin Gal},
  title = {What my Deep Model Doesn't Know},
  year = 2015,
  url = {https://www.cs.ox.ac.uk/people/yarin.gal/website/blog_3d801aa532c1ce.html},
  urldate = {2019-06-22}
}


@inproceedings{Gal2017DeepBA,
  title={Deep Bayesian Active Learning with Image Data},
  author={Yarin Gal and Riashat Islam and Zoubin Ghahramani},
  booktitle={ICML},
  year={2017}
}


@article{Houlsby2011BayesianAL,
  title={Bayesian Active Learning for Classification and Preference Learning},
  author={Neil Houlsby and Ferenc Huszar and Zoubin Ghahramani and M{\'a}t{\'e} Lengyel},
  journal={CoRR},
  year={2011},
  volume={abs/1112.5745}
}